<?xml version="1.0" encoding="UTF-8"?><collection xmlns="http://www.loc.gov/MARC21/slim"><record><leader>00325nam--2200121-i-4500</leader><controlfield tag="001">000032756</controlfield><controlfield tag="002">20161230</controlfield><controlfield tag="005">20161230201039</controlfield><controlfield tag="008">060222s1000------------r-----000-0-eng-d</controlfield><datafield ind1=" " ind2=" " tag="245"><subfield code="a">Kernphysik, folge i</subfield></datafield><datafield ind1=" " ind2=" " tag="260"><subfield code="a">Leipzig, Akademische Verlag, 1956 134p</subfield></datafield><datafield ind1=" " ind2=" " tag="490"><subfield code="a">Physikalische Ibhandlungen Aus Der Sowiet Union</subfield></datafield><datafield ind1=" " ind2=" " tag="852"><subfield code="a">4934</subfield></datafield></record></collection>